@book{Belland2017,
  author = {Belland, B.R.},
  title = {Instructional Scaffolding in STEM Education: Strategies and Efficacy Evidence},
  year = {2017},
  publisher = {Springer Nature},
  address = {Logan},
  doi = {10.1007/978-3-319-02565-0_1}
}

@book{Belland2012,
  author = {Belland, B.R.},
  title = {Habitus, Scaffolding, and Problem-Based Learning: Why Teachers' Experiences as Students Matter},
  year = {2012},
  publisher = {Springer New York},
  address = {New York},
  pages = {87-100},
  doi = {10.1007/978-1-4614-3540-2_7}
}

@incollection{Belland2014,
  author = {Belland, B.R.},
  title = {Scaffolding: Definition, Current Debates, and Future Directions},
  booktitle = {Handbook of Research on Educational Communications and Technology},
  edition = {4},
  year = {2014},
  publisher = {Springer New York},
  address = {Utah},
  pages = {505-518}
}

@article{Belland2013,
  author = {Belland, B.R. and Kim, C. and Hannafin, M.},
  title = {A Framework for Designing Scaffolds that Improve Motivation and Cognition},
  journal = {Educational Psychologist},
  volume = {48},
  year = {2013},
  pages = {243-270},
  month = {feb},
  doi = {10.1080/00461520.2013.838920}
}
@article{Belland2015,
  author = {Belland, B.R. and Burdo, R. and Gu, J.},
  title = {A Blended Professional Development Program to Help a Teacher Learn to Provide One-to-One Scaffolding},
  journal = {Journal of Science Teacher Education},
  volume = {26},
  year = {2015},
  pages = {263-289},
  month = {feb},
  doi = {10.1007/s10972-015-9419-2}
}

@article{Chi1996,
  author = {Chi, M.T.H.},
  title = {Constructing Self-Explanations and Scaffolded Explanations in Tutoring},
  journal = {Applied Cognitive Psychology},
  volume = {10},
  year = {1996},
  pages = {33-49},
  month = {nov},
  doi = {10.1002/(SICI)1099-0720(199611)10:7<33::AID-ACP436>3.0.CO;2-E}
}

@book{Claxton1991,
  author = {Claxton, Guy},
  title = {Live and Learn},
  year = {1991},
  publisher = {Harper \& Row},
  address = {Londres},
  note = {Trad. Cast. De González, \emph{Vivir y aprender}, Madrid: Alianza, 1987}
}

@incollection{Coob2001,
  author = {Coob, P.},
  title = {Supporting the Improvement of Learning and Teaching in Social and Institutional Context},
  booktitle = {Cognition and Instruction: Twenty-Five Years of Progress},
  year = {2001},
  publisher = {Eelbaum},
  address = {Mahwa},
  pages = {455-478}
}

@incollection{Collins1992,
  author = {Collins, A.},
  title = {Toward a Design Science of Education},
  booktitle = {New Directions in Educational Technology},
  year = {1992},
  publisher = {Springer-Verlag},
  address = {New York},
  pages = {15-22}
}

@article{Davin2013,
  author = {Davin, K.J. and Donato, R.},
  title = {Student Collaboration and Teacher-Directed Classroom Dynamic Assessment: A Complementary Pairing},
  journal = {Foreign Language Annals},
  volume = {46},
  year = {2013},
  pages = {5-22},
  doi = {10.1111/flan.12012}
}

@article{DBRC2003,
  author = {Design-Based Research Collective},
  title = {Design-Based Research: An Emerging Paradigm for Educational Inquiry},
  journal = {Educational Researcher},
  volume = {32},
  number = {1},
  year = {2003},
  pages = {5-8},
  month = {mar},
  doi = {10.3102/0013189X032001005}
}

@book{Echeverria1998,
  author = {Echeverría, M.P.P. and Pozo, J.I.},
  title = {Aprender a Resolver Problemas e Resolver a Problemas para Aprender},
  year = {1998},
  publisher = {Artmed},
  address = {Porto Alegre},
  pages = {13-42}
}

@book{Gasiorowicz1979,
  author = {Gasiorowicz, Stephen},
  title = {Física Quântica},
  year = {1979},
  publisher = {Guanabara Dois S.A.},
  address = {Rio de Janeiro, RJ}
}

@incollection{Graesser1997,
  author = {Graesser, A.C. and Bowers, C. and Hacker, D.J. and Person, N.},
  title = {An Anatomy of Naturalistic Tutoring},
  booktitle = {Scaffolding Student Learning: Instructional Approaches and Issues},
  year = {1997},
  publisher = {Brookline Books},
  address = {Cambridge},
  pages = {145-184}
}

@book{Griffiths2011,
  author = {Griffiths, David J.},
  title = {Mecânica Quântica},
  edition = {2},
  year = {2011},
  publisher = {Pearson},
  address = {São Paulo, SP}
}

@book{Halliday2009,
  author = {Halliday, David and Resnick, Robert and Walker, Jearl},
  title = {Fundamentos de Física},
  edition = {8},
  year = {c2009},
  publisher = {LTC},
  address = {Rio de Janeiro, RJ},
  note = {Volume 1}
}

@book{Halliday2009vol2,
  author = {Halliday, David and Resnick, Robert and Walker, Jearl},
  title = {Fundamentos de Física},
  edition = {8},
  year = {c2009},
  publisher = {LTC},
  address = {Rio de Janeiro, RJ},
  note = {Volume 2}
}

@incollection{Hannafin1999,
  author = {Hannafin, M. and Land, S. and Oliver, K.},
  title = {Open-Ended Learning Environments: Foundations, Methods, and Models},
  booktitle = {Instructional Design Theories and Models: Volume II: A New Paradigm of Instructional Theory},
  year = {1999},
  publisher = {Lawrence Erlbaum Associates},
  address = {Mahwah},
  pages = {115-140}
}

@article{Jadallah2011,
  author = {Jadallah, M. and Anderson, R.C. and Nguyen-Jahiel, K. and Miller, B.W. and Kim, I.H. and Kuo, L.J. and Miller, B.W. and Dong, T. and Wu, X.},
  title = {Influence of a Teacher's Scaffolding Moves During Child-Led Small-Group Discussions},
  journal = {American Educational Research Journal},
  volume = {48},
  year = {2011},
  pages = {194-230},
  month = {mar},
  doi = {10.3102/0002831210371498}
}

@article{Koedinger2007,
  author = {Koedinger, K.R. and Aleven, V.},
  title = {Exploring the Assistance Dilemma in Experiments with Cognitive Tutors},
  journal = {Educational Psychology Review},
  volume = {19},
  year = {2007},
  pages = {239-264},
  month = {jul},
  doi = {10.1007/s10648-007-9049-0}
}

@incollection{Koedinger2006,
  author = {Koedinger, K.R. and Corbett, A.},
  title = {Cognitive Tutors: Technology Bringing Learning Sciences to the Classroom},
  booktitle = {The Cambridge Handbook of the Learning Sciences},
  year = {2006},
  publisher = {Cambridge University Press},
  address = {Cambridge},
  pages = {61-78}
}

@misc{Legemann2002,
  author = {Legemann, E.C.},
  title = {Usable Knowledge in Education: A Memorandum for the Spencer Foundation Board of Directors},
  howpublished = {Memorandum},
  year = {2002},
  month = {jan},
  publisher = {Spencer Foundation},
  address = {Chicago}
}

@incollection{Lepper1997,
  author = {Lepper, M.R. and Drake, M.F. and O'Donnell-Johnson, T.},
  title = {Scaffolding Techniques of Expert Human Tutors},
  booktitle = {Scaffolding Student Learning: Instructional Approaches & Issues},
  year = {1997},
  publisher = {Brookline},
  address = {Cambridge},
  pages = {108-144}
}

@incollection{Lester1983,
  author = {Lester, F.K.},
  title = {Trends and Issues in Mathematical Problem Solving Research},
  booktitle = {Acquisition of Mathematical Concepts and Processes},
  year = {1983},
  publisher = {Academic Press},
  address = {New York}
}

@article{Lin2014,
  author = {Lin, T.J. and Jadallah, M. and Anderson, R.C. and Baker, A.R. and Nguyen-Jahiel, K. and Kim, I.H. and Kuo, L.J. and Miller, B.W. and Dong, T. and Wu, X.},
  title = {Less is More: Teachers' Influence During Peer Collaboration},
  journal = {Journal of Educational Psychology},
  volume = {107},
  year = {2014},
  pages = {609-629},
  doi = {10.1037/a0037758}
}

@article{Mahardale2014,
  author = {Mahardale, J.W. and Lee, C.B.},
  title = {Understanding How Social and Epistemic Scripts Perpetuate Intersubjectivity Through Patterns of Interactions},
  journal = {Interactive Learning Environments},
  volume = {21},
  year = {2014},
  pages = {68-88},
  month = {nov},
  doi = {10.1080/10494820.2010.547204}
}

@book{McKenney2018,
  author = {McKenney, S. and Reeves, T.C.},
  title = {Conducting Educational Design Research},
  edition = {2},
  year = {2018},
  publisher = {Routledge},
  address = {Georgia},
  pages = {326},
  month = {aug}
}

@article{Mortimer2009,
  author = {Mortimer, E.F. and Wertsch, J.V.},
  title = {The Architecture and Dynamics of Intersubjectivity in Science Classrooms},
  journal = {Mind, Culture and Activity},
  volume = {10},
  year = {2009},
  pages = {230-244},
  month = {nov},
  doi = {10.1207/s15327884mca1003_5}
}

@misc{Palhares2022,
  author = {Palhares, Isabella},
  title = {Universidades públicas tiveram queda de 18,8\% no número de concluintes},
  howpublished = {Folha de S.Paulo},
  year = {2022},
  month = {fev},
  day = {18},
  note = {Disponível em: \url{https://folha.com/u2t5bcl9}},
  urldate = {2022-10-05}
}

@article{Pata2006,
  author = {Pata, K. and Lehtinen, E. and Sarapuu, T.},
  title = {Inter-relations of tutors and peers' scaffolding and decision-making discourse acts},
  journal = {Instructional Science},
  volume = {34},
  year = {2006},
  pages = {313-341},
  month = {jul},
  doi = {10.1007/s11251-005-3406-5}
}

@book{Polya2006,
  author = {Polya, George},
  title = {How to Solve it: a new aspect of mathematical method},
  edition = {2},
  address = {Rio de Janeiro},
  publisher = {Interciência},
  year = {2006}
}

@book{Pozo1998,
  author = {Pozo, J.I. and Crespo, M.A.G.},
  title = {A Solução de Problemas nas Ciências da Natureza: Aprender a resolver, resolver para aprender},
  address = {Porto Alegre},
  publisher = {Artmed},
  year = {1998},
  pages = {13-42}
}

@book{Pozo2009,
  author = {Pozo, J.I. and Crespo, M.A.G.},
  title = {A aprendizagem e o ensino de ciências: do conhecimento cotidiano ao conhecimento científico},
  edition = {5},
  address = {Porto Alegre},
  publisher = {Artmed},
  year = {2009},
  pages = {15-28}
}

@misc{portaria343,
  title = {Portaria nº 343},
  author = {{Diário Oficial da União}},
  year = {2020},
  month = {3},
  day = {17},
  note = {Publicação oficial},
}

@article{Rogoff1997,
  author = {Rogoff, Barbara and Toma, Claudia},
  title = {Shared thinking: Community and institutional variations},
  journal = {Discourse Processes},
  volume = {23},
  pages = {471-497},
  year = {1997},
  month = {Aug},
  doi = {10.1080/01638539709545000}
}

@article{Quintana2004,
  author = {Quintana, C. and Reiser, B.J. and Davis, E.A. and Krajcik, J. and Fretz, E. and Duncan, R.G. and Kyza, E. and Edelson, D. and Soloway, E.},
  title = {A scaffolding design framework for software to support science inquiry},
  journal = {Journal of the Learning Sciences},
  volume = {13},
  pages = {337-386},
  year = {2004},
  month = {Dec},
  doi = {10.1207/s15327809jls1303_4}
}

@article{Sabet2013,
  author = {Sabet, M.K. and Tahriri, A. and Pasand, P.G.},
  title = {The impact of peer scaffolding through process approach on EFL learners' academic writing fluency},
  journal = {Theory \& Practice in Language Studies},
  volume = {3},
  pages = {1893-1901},
  year = {2013},
  month = {Oct},
  doi = {10.4304/tpls.3.10.1893-1901}
}

@incollection{Schoenfeld1992,
  author = {Schoenfeld, A.H.},
  title = {Learning to think mathematically: Problem solving, metacognition, and sense making in mathematics},
  booktitle = {Handbook of research on mathematics teaching and learning},
  publisher = {Macmillan},
  year = {1992},
  pages = {334-370}
}

@book{TiplerMosca2006,
  author = {Tipler, Paul A. and Mosca, Gene},
  title = {Física para Cientistas e Engenheiros - Vol. 1},
  edition = {5},
  publisher = {LTC},
  year = {2006},
  address = {Rio de Janeiro}
}

@article{vanPol2010,
  author = {van-Pol, J. and Volman, M. and Beishuizen, J.},
  title = {Scaffolding in teacher–student interaction: A decade of research},
  journal = {Educational Psychology Review},
  volume = {22},
  pages = {271-296},
  year = {2010},
  month = {Apr},
  doi = {10.1007/s10648-010-9127-6}
}

@article{vanPol2012,
  author = {van-Pol, J. and Volman, M. and Beishuizen, J.},
  title = {Promoting teacher scaffolding in small-group work: A contingency perspective},
  journal = {Teaching and Teacher Education},
  volume = {28},
  pages = {193-205},
  year = {2012},
  month = {Feb},
  doi = {10.1016/j.tate.2011.09.009}
}

@article{vanLehn2011,
  author = {VanLehn, K.},
  title = {The relative effectiveness of human tutoring, intelligent tutoring systems, and other tutoring systems},
  journal = {Educational Psychologist},
  volume = {46},
  pages = {197-221},
  year = {2011},
  doi = {10.1080/00461520.2011.611369}
}

@book{jane1983,
  author = {Jane, M.},
  title = {Webster's New Universal Unabridged Dictionary},
  edition = {2nd},
  publisher = {Simon \& Schuster},
  address = {New York},
  month = {January},
  year = {1983}
}

@article{wertsch2005,
  author = {Wertsch, J.V. and Kazak, S.},
  title = {Intersubjectivity through the mastery of semiotic means in teacher-student discourse},
  journal = {Research and Clinical Center for Child Development Annual Report},
  volume = {27},
  pages = {1-11},
  year = {2005}
}

@article{wood1976,
  author = {Wood, D. and Bruner, J.S. and Ross, G.},
  title = {The role of tutoring in problem solving},
  journal = {Journal of Child Psychology and Psychiatry},
  volume = {17},
  pages = {89-100},
  month = {Apr},
  year = {1976},
  doi = {10.1111/j.1469-7610.1976.tb00381.x}
}

@article{wood2003,
  author = {Wood, D.},
  title = {The why? What? When? and How? of tutoring: The development of helping and tutoring skills in children},
  journal = {Literacy Teaching and Learning},
  volume = {7},
  pages = {1-30},
  year = {2003}
}

@book{mayer1983,
  author = {Mayer, R. E.},
  title = {Thinking, problem solving, cognition},
  year = {1983},
  publisher = {W. H. Freeman and Company},
  address = {New York}
}

@article{wertsch1985zone,
  author = {Wertsch, James V.},
  title = {The Zone of Proximal Development: Some Conceptual Issues},
  journal = {New Directions for Child and Adolescent Development},
  volume = {30},
  pages = {7-14},
  year = {1985},
}

@book{halliday,
  author = {Halliday, David and Resnick, Robert and Walker, Jearl},
  title = {Fundamentos de Física},
  edition = {8ª ed.},
  volume = {4},
  publisher = {LTC},
  year = {2010}
}

@article{Santos_Bastos_Souza_Figueiredo_Teixeira_Quintiliano_2021, 
    title={Perception of education in a remote environment by students participating in teaching initi ation programs (PIBID and Pro-Licentiates) of the Federal Institute of Southern Minas Gerais (IFSULDEMINAS)}, 
    volume={10}, 
    url={https://rsdjournal.org/index.php/rsd/article/view/21812},
    DOI={10.33448/rsd-v10i14.21812}, 
    number={14}, 
    journal={Research, Society and Development}, 
    author={Santos, Juliana Cristina dos and Bastos, Flavio Adriano and Souza, Marcos Magalhães de and Figueiredo, Ariane Borges de and Teixeira, Isabel Ribeiro do Valle and Quintiliano , Luciane de Castro}, 
    year={2021}, 
    month={Oct.}, 
    pages={e135101421812} }

@online{brasil2023,
    title = {Ministério da Saúde - Covid},
    author = {Brasil},
    url = {https://covid.saude.gov.br/},
    year = {2023},
    urldate = {2023-07-20},
}

@article{dalmoro,
  title={Dilemas na construção de escalas Tipo Likert: o número de itens e a disposição influenciam nos resultados?},
  author={Dalmoro, M. and Vieira, K. M.},
  journal={Revista Gestão Organizacional},
  volume={6},
  number={3},
  pages={161-174},
  year={2013}
}

@article{Deterding2011,
    author    = {Sebastian Deterding and Dan Dixon and Rilla Khaled and Lennart E. Nacke},
    title     = {From Game Design Elements to Gamefulness: Defining “Gamification”},
    journal   = {Proceedings of the 15th International Academic MindTrek Conference},
    year      = {2011},
    pages     = {9--15},
}

@book{Kapp2012,
    author    = {Karl M. Kapp},
    title     = {The Gamification of Learning and Instruction: Game-Based Methods and Strategies for Training and Education},
    publisher = {Pfeiffer},
    year      = {2012},
}

@article{Reeves2020,
    author    = {Ben Reeves and Maggi Savin-Baden},
    title     = {Virtual Reality and Learning: Trends and Issues},
    journal   = {Interactive Learning Environments},
    volume    = {28},
    number    = {6},
    year      = {2020},
    pages     = {710--725},
}

@article{deFreitas2016,
    author    = {Sara de Freitas and Leonard A. Annetta},
    title     = {The Virtual World as a Collaborative Learning Environment: A Social-Cognitive Perspective},
    journal   = {International Journal of Gaming and Computer-Mediated Simulations},
    volume    = {8},
    number    = {1},
    year      = {2016},
    pages     = {20--33},
}

@incollection{mckenney2019educational,
  title={Educational design research},
  author={McKenney, Susan and Reeves, Thomas C},
  booktitle={Encyclopedia of the Sciences of Learning},
  pages={1183--1187},
  year={2019},
  publisher={Springer}
}

@article{anderson2012design,
  title={Design-based research: A decade of progress in education research?},
  author={Anderson, Terry and Shattuck, Julie},
  journal={Educational Researcher},
  volume={41},
  number={1},
  pages={16--25},
  year={2012},
  publisher={SAGE Publications Sage CA: Los Angeles, CA}
}

@incollection{plomp2013educational,
  title={Educational design research: An introduction},
  author={Plomp, Tjeerd and Nieveen, Nienke},
  booktitle={Educational design research},
  pages={10--51},
  year={2013},
  publisher={SLO - Netherlands Institute for Curriculum Development}
}

@book{van2006educational,
  title={Educational design research},
  author={van den Akker, Jan and Gravemeijer, Koeno and McKenney, Susan and Nieveen, Nienke},
  year={2006},
  publisher={Routledge}
}
@phdthesis{alves2018,
  author = {Alves, Josemar},
  title = {Desenvolvimento de um sistema integrado para implementação de tarefas avaliativas reflexivas e formativas contínuas},
  year = {2018},
  school = {Universidade Federal de Santa Maria}
}

@article{MATTA2014,
   title = {{Design-based research ou pesquisa de desenvolvimento: metodologia para pesquisa aplicada de inovação em educação do século XXI}},
   journal = {{Revista da FAEEBA: Educação e Contemporaneidade}},
   author={Matta, Alfredo Eurico Rodrigues AND Silva, Francisca de Paula Santos da AND Boaventura, Edivaldo Machado},
   ISSN = {0104-7043},
   language = {pt},
   URL = {http://educa.fcc.org.br/scielo.php?script=sci_arttext&pid=S0104-70432014000200023&nrm=iso},
   volume = {23},
   year = {2014},
   month = {12},
   pages = {23 - 36},
   publisher = {scielo}
   }
@article{oliveira2017,
  author = {Oliveira, A.},
  title = {Dificuldades na Resolução de Problemas de Física},
  year = {2017},
}

@article{lurdes2018,
  author = {Lurdes, R. and Santos, M.},
  title = {Desafios na Resolução de Problemas em Física},
  year = {2018},
}

@article{silva2019,
  author = {Silva, C. and Almeida, P.},
  title = {Análise de Erros Comuns na Resolução de Problemas de Física},
  year = {2019},
}
